<?xml version="1.0" encoding="utf-8"?>
<record xmlns="http://www.loc.gov/MARC21/slim" xmlns:xsi="http://www.w3.org/2001/XMLSchema-instance" xsi:schemaLocation="http://www.loc.gov/MARC21/slim http://www.loc.gov/standards/marcxml/schema/MARC21slim.xsd">
	<leader>     nam a22        4500</leader>
	<controlfield tag="001">b12358204</controlfield>
	<controlfield tag="003">LeBAU</controlfield>
	<controlfield tag="006">m        d        </controlfield>
	<controlfield tag="007">cr cn |||m|||a</controlfield>
	<controlfield tag="008">161219s1903    ua      o     ||0 0 ara d</controlfield>
	<datafield ind1=" " ind2=" " tag="040">
		<subfield code="a">NNU</subfield>
		<subfield code="b">ara</subfield>
		<subfield code="e">rda</subfield>
		<subfield code="c">NNU</subfield>
	</datafield>
	<datafield ind1="0" ind2="4" tag="082">
		<subfield code="a">189.3</subfield>
		<subfield code="2">22</subfield>
	</datafield>
	<datafield ind1="0" ind2=" " tag="130">
		<subfield code="6">880-01</subfield>
		<subfield code="a">Tahāfut al-Falāsifah.</subfield>
	</datafield>
	<datafield ind1="1" ind2="0" tag="245">
		<subfield code="6">880-02</subfield>
		<subfield code="a">Hādhā sifr badī‘ jalīl wa-majmū‘ gharīb qalīl al-mathīl iḥtawʹa ʻalʹa thalāthat kutub min gharā’ib al-mu’allafāt al-ṣādirah ‘an fikrat ‘ulamā’ ajillah bālighīn a‘lá al-kamālāt, awwaluhā Tahāfut al-Falāsifah /</subfield>
		<subfield code="c">lil-Imām Ghazzālī al-mutawaffá sanat 505. wa-thānīhā  wa-thānīhā Tahāfut al-Falāsifah / li-Imām Ibn Rushd al-Andalusī al-Mālikī al-mutawaffá sanat 595 allafahu mu‘āriḍan lil-Imām al-Ghazzālī fī ba‘ḍ al-mabāḥith min al-kitāb al-mushār ilayh. wa-thālithuhā Tahāfut al-Falāsifah / lil-‘allāmah Khūjahzādah awḥad ‘ulamā’ al-Rūm fī ‘aṣrihi al-mutawaffá sanat 893.</subfield>
	</datafield>
	<datafield ind1=" " ind2="1" tag="264">
		<subfield code="6">880-03</subfield>
		<subfield code="a">Miṣr :</subfield>
		<subfield code="b">al-Maṭbaʻah al-‘Āmirah al-Sharafīyah,</subfield>
		<subfield code="c">1319 H., [1901? M.]</subfield>
	</datafield>
	<datafield ind1=" " ind2=" " tag="300">
		<subfield code="6">880-04</subfield>
		<subfield code="a">online resource (91, 136 pages)</subfield>
	</datafield>
	<datafield ind1=" " ind2=" " tag="336">
		<subfield code="a">text</subfield>
		<subfield code="2">rdacontent</subfield>
	</datafield>
	<datafield ind1=" " ind2=" " tag="337">
		<subfield code="a">computer</subfield>
		<subfield code="2">rdamedia</subfield>
	</datafield>
	<datafield ind1=" " ind2=" " tag="338">
		<subfield code="a">online resource</subfield>
		<subfield code="2">rdacarrier</subfield>
	</datafield>
	<datafield ind1=" " ind2=" " tag="500">
		<subfield code="a">عنوان الكتاب الثاني يجب أن يقرأ: تهافت التهافت / لإبن رشد.</subfield>
	</datafield>
	<datafield ind1=" " ind2=" " tag="500">
		<subfield code="a">&quot;وقد وضع الكتابان الأولان في صلب هذا المطبوع والثالث بهامشهما&quot;</subfield>
	</datafield>
	<datafield ind1=" " ind2=" " tag="500">
		<subfield code="a">Part of the Arabic Collections Online (ACO) project, contributed by American University of Beirut's Jafet Memorial Library.</subfield>
	</datafield>
	<datafield ind1=" " ind2=" " tag="533">
		<subfield code="a">Electronic reproduction.</subfield>
		<subfield code="b">New York, N.Y. :</subfield>
		<subfield code="c">New York University,</subfield>
		<subfield code="d">2016.</subfield>
		<subfield code="5">NNU</subfield>
	</datafield>
	<datafield ind1=" " ind2="4" tag="650">
		<subfield code="a">الفلسفة العربية</subfield>
		<subfield code="v">اعمال قديمة حتى 1800.</subfield>
	</datafield>
	<datafield ind1=" " ind2="0" tag="650">
		<subfield code="a">Philosophy, Arab</subfield>
		<subfield code="v">Early works to 1800.</subfield>
	</datafield>
	<datafield ind1="1" ind2="2" tag="700">
		<subfield code="6">880-05</subfield>
		<subfield code="a">Ghazālī, Abū Ḥāmid Muḥammad ibn Muḥammad,</subfield>
		<subfield code="d">1058-1111.</subfield>
		<subfield code="t">Tahāfut al-Falāsifah.</subfield>
	</datafield>
	<datafield ind1="1" ind2="2" tag="700">
		<subfield code="6">880-06</subfield>
		<subfield code="a">Ibn Rushd, Abu al-Walid Muhammad ibn Ahmad,</subfield>
		<subfield code="c">philosopher,</subfield>
		<subfield code="d">1126-1198.</subfield>
		<subfield code="t">Tahāfut al-Falāsifah.</subfield>
	</datafield>
	<datafield ind1="1" ind2="2" tag="700">
		<subfield code="6">880-07</subfield>
		<subfield code="a">Khūjah Zādah, Muṣliḥ al-Dīn Muṣṭafá ibn Yūsuf.</subfield>
		<subfield code="t">Tahāfut al-Falāsifah.</subfield>
	</datafield>
	<datafield ind1="2" ind2=" " tag="710">
		<subfield code="a">Jafet Memorial Library.</subfield>
	</datafield>
	<datafield ind1="0" ind2=" " tag="730">
		<subfield code="a">Arabic Collections Online.</subfield>
	</datafield>
	<datafield ind1="0" ind2="8" tag="776">
		<subfield code="i">Print version:</subfield>
		<subfield code="t">Hādhā sifr badī‘ jalīl wa-majmū‘ gharīb qalīl al-mathīl iḥtawʹa ʻalʹa thalāthat kutub min gharā’ib al-mu’allafāt al-ṣādirah ‘an fikrat ‘ulamā’ ajillah bālighīn a‘lá al-kamālāt, awwaluhā Tahāfut al-Falāsifah</subfield>
		<subfield code="w">(LeBAU)b12358204</subfield>
	</datafield>
	<datafield ind1="4" ind2="0" tag="856">
		<subfield code="u">http://hdl.handle.net/2333.1/69p8d3jj</subfield>
	</datafield>
	<datafield ind1="0" ind2=" " tag="880">
		<subfield code="6">130-01/(3/r</subfield>
		<subfield code="a">تهافت الفلاسفة.</subfield>
	</datafield>
	<datafield ind1="1" ind2="0" tag="880">
		<subfield code="6">245-02/(3/r</subfield>
		<subfield code="a">هذا سفر بديع جليل ومجموع غريب قليل المثيل إحتوى على ثلاثة كتب من غرائب المؤلفات الصادرة عن فكرة علماء أجلة بالغين أعلى الكمالات، أولها تهافت الفلاسفة /</subfield>
		<subfield code="c">للإمام الغزالي المتوفى سنة 505. وثانيها تهافت الفلاسفة / للإمام إبن رشد الأندلسي المالكي المتوفى سنة 595 ألفه معارضاً للإمام الغزالي في بعض المباحث من الكتاب المشار إليه. وثالثها تهافت الفلاسفة / للعلامة خوجة زاده أوحد علماء الروم في عصره المتوفى سنة 893. </subfield>
	</datafield>
	<datafield ind1=" " ind2="1" tag="880">
		<subfield code="6">264-03/(3/r</subfield>
		<subfield code="a">مصر :</subfield>
		<subfield code="b">المطبعة العامرة الشرفية،</subfield>
		<subfield code="c">1321هـ.، [1903؟ م.]</subfield>
	</datafield>
	<datafield ind1=" " ind2=" " tag="880">
		<subfield code="6">300-04/(3/r</subfield>
		<subfield code="a">91، 136 صفحة ؛</subfield>
		<subfield code="c">28 سم</subfield>
	</datafield>
	<datafield ind1="1" ind2="2" tag="880">
		<subfield code="6">700-05/(3/r</subfield>
		<subfield code="a">الغزالي، ابو حامد محمد بن محمد،</subfield>
		<subfield code="d">1058-1111.</subfield>
		<subfield code="t">تهافت الفلاسفة.</subfield>
	</datafield>
	<datafield ind1="1" ind2="2" tag="880">
		<subfield code="6">700-06/(3/r</subfield>
		<subfield code="a">ابن رشد، ابو الوليد محمد بن احمد،</subfield>
		<subfield code="c">الفيلسوف،</subfield>
		<subfield code="d">1126-1198.</subfield>
		<subfield code="t">تهافت التهافت.</subfield>
	</datafield>
	<datafield ind1="1" ind2="2" tag="880">
		<subfield code="6">700-07/(3/r</subfield>
		<subfield code="a">خوجه زاده، مصلح الدين مصطفى بن يوسف.</subfield>
		<subfield code="t">تهافت الفلاسفة.</subfield>
	</datafield>
	<datafield ind1=" " ind2=" " tag="959">
		<subfield code="a">NNU</subfield>
		<subfield code="b">WEB</subfield>
		<subfield code="c">GENI</subfield>
		<subfield code="t">0</subfield>
		<subfield code="m">Electronic access</subfield>
		<subfield code="s">01</subfield>
	</datafield>
	<datafield ind1=" " ind2=" " tag="999">
		<subfield code="i">LeBAU_b12358204</subfield>
		<subfield code="s">aub_aco000344</subfield>
		<subfield code="e">(ERROR-MISC)</subfield>
	</datafield>
</record>
